@thesis{Fusconi2022,
  author      = {Matteo Fusconi},
  title       = {Studio di tecniche di estrazione del segnale per barioni ${\ensuremath{\Lambda}^+_c}$ ricostruiti nell’esperimento ALICE},
  type        = {Laurea},
  school      = {Università di Bologna},
  year        = {2022},
  month       = {9},
  address     = {Bologna, Italia},
  note        = {Corso di Studio in Fisica [L-DM270]},
  url         = {https://amslaurea.unibo.it/id/eprint/26546},
  keywords    = {Analisi dati, Fisica delle particelle, ALICE, Estrazione del segnale, Machine learning, TMVA, BDT, template rotazionale},
  supervisor  = {Andrea Alici},
  abstract    = {Le recenti analisi dei dati raccolti ad ALICE dimostrano che la nostra comprensione dei fenomeni di adronizzazione dei sapori pesanti {\`e} ancora incompleta, perch{\'e} le misure effettuate su collisioni pp, p-Pb e Pb-Pb non sono riproducibili da modelli teorici basati su altre tipologie di collisione come e+e?. In particolare, i risultati sembrano indicare che il principio di universalit{\`a}, che assume che le funzioni di frammentazione di quark e gluoni siano indipendenti dal tipo di sistema interagente, non sia valido. Per questo motivo sono stati sviluppati nuovi modelli teorici e fenomenologici, capaci di riprodurre in modo pi{\`u} o meno accurato i dati sperimentali. Questi modelli differiscono tra di loro soprattutto a bassi valori di impulso trasverso pT . L?analisi dati a basso pT si rivela dunque di fondamentale importanza, in quanto permette di discriminare, tra i vari modelli, quelli che sono realmente in grado di riprodurre i dati sperimentali e quelli che non lo sono. Inoltre pu{\`o} fornire una conferma sperimentale dei fenomeni fisici su cui tale modello si basa. In questa tesi {\`e} stato estratto il numero di barioni {\ensuremath{\Lambda}}+c (yield ) prodotto in collisioni pp a {$\sqrt{}$}s = 13 TeV , nel range di impulso trasverso 0 {\ensuremath{<}} pT ({\ensuremath{\Lambda}}+c ) {\ensuremath{<}} 1 GeV/c. {\'E} stato fatto uso di una tecnica di machine learning che sfrutta un algoritmo di tipo Boosted Decision Trees (BDT) implementato dal pacchetto TMVA, al fine di identificare ed eliminare una grossa parte del fondo statistico e semplificare notevolmente l?analisi vera e propria. Il grado di attendibilit{\`a} della misura {\`e} stata verificata eseguendo l?estrazione dello yield con due approcci diversi: il primo, modellando il fondo combinatoriale con una funzione analitica; successivamente con la creazione di un template statistico creato ad hoc con la tecnica delle track rotations.},
}